<?xml version="1.0" encoding="UTF-8"?><record xmlns="http://www.loc.gov/MARC21/slim" xmlns:cinclude="http://apache.org/cocoon/include/1.0" xmlns:zs="http://www.loc.gov/zing/srw/">
  <leader>00805cz  a2200157n  4500</leader>
  <controlfield tag="001">n  88165595 </controlfield>
  <controlfield tag="003">DLC</controlfield>
  <controlfield tag="005">19890726055004.0</controlfield>
  <controlfield tag="008">890607n| acannaab|          |a ana |||  </controlfield>
  <datafield tag="010" ind1=" " ind2=" ">
    <subfield code="a">n  88165595 </subfield>
  </datafield>
  <datafield tag="040" ind1=" " ind2=" ">
    <subfield code="a">DLC</subfield>
    <subfield code="c">DLC</subfield>
  </datafield>
  <datafield tag="110" ind1="2" ind2="0">
    <subfield code="a">Ukrainian Catholic Women's League (Canada).</subfield>
    <subfield code="b">Saskatoon Eparchy</subfield>
  </datafield>
  <datafield tag="410" ind1="2" ind2="0">
    <subfield code="a">Ukrainian Catholic Women's League (Canada).</subfield>
    <subfield code="b">Eparchy of Saskatoon</subfield>
  </datafield>
  <datafield tag="410" ind1="2" ind2="0">
    <subfield code="a">Ukrainian Catholic Women's League (Canada).</subfield>
    <subfield code="b">Saskatunsʹka eparkhii︠a︡</subfield>
  </datafield>
  <datafield tag="670" ind1=" " ind2=" ">
    <subfield code="a">Kovch-Baran, A.M. Blahoslovenne zusylli︠a︡, 1987:</subfield>
    <subfield code="b">t.p. (Ligy ukraïns kykh katolyt︠s︡ʹkykh z︠h︡inok Kanady, Saskatunsʹka eparkhii︠a︡) added t.p. (Ukrainian Catholic Women's League of Canada, Eparchy of Saskatoon)</subfield>
  </datafield>
  <datafield tag="670" ind1=" " ind2=" ">
    <subfield code="a">NLC, 5/30/89</subfield>
    <subfield code="b">(AACR2: Ukrainian Catholic Women's League (Canada). Saskatoon Eparchy)</subfield>
  </datafield>
</record>